
    <zs:record>
      <zs:recordPacking>xml</zs:recordPacking>
      <zs:recordData>
        <record xmlns="http://www.loc.gov/MARC21/slim">
          <leader>00438nz a2200109 4500</leader>
          <controlfield tag="001">30077366</controlfield>
          <controlfield tag="003">RISM</controlfield>
          <controlfield tag="005">20121108</controlfield>
          <controlfield tag="008">121108n||az|||||||##########||||||||||||</controlfield>
          <datafield tag="043" ind1=" " ind2=" ">
            <subfield code="c">Portugal</subfield>
          </datafield>
          <datafield tag="110" ind1="2" ind2=" ">
            <subfield code="a">Arquivo Histórico e Municipal</subfield>
            <subfield code="c">Arraiolos</subfield>
            <subfield code="g">P-ARRam</subfield>
          </datafield>
          <datafield tag="622" ind1=" " ind2=" ">
            <subfield code="e">Arquivo Histórico e Municipal, Biblioteca Municipal, Praça da República, 7040-026
              Arraiolos, Portugal</subfield>
            <subfield code="u"
              >http://www.cm-arraiolos.pt/biblioteca-arraiolos/visita_virtual/arquivo_historico.htm</subfield>
          </datafield>
          <idzebra xmlns="http://www.indexdata.dk/zebra/">
            <size>438</size>
            <score>707</score>
            <localnumber>829281</localnumber>
            <filename>sigla/sigla.mrc</filename>
          </idzebra>
        </record>
      </zs:recordData>
      <zs:recordPosition>8</zs:recordPosition>
    </zs:record>