
    <zs:record>
      <zs:recordPacking>xml</zs:recordPacking>
      <zs:recordData>
        <record xmlns="http://www.loc.gov/MARC21/slim">
          <leader>00525nz a2200109 4500</leader>
          <controlfield tag="001">30077369</controlfield>
          <controlfield tag="003">RISM</controlfield>
          <controlfield tag="005">20121108</controlfield>
          <controlfield tag="008">121108n||az|||||||##########||||||||||||</controlfield>
          <datafield tag="043" ind1=" " ind2=" ">
            <subfield code="c">Portugal</subfield>
          </datafield>
          <datafield tag="110" ind1="2" ind2=" ">
            <subfield code="a">Arquivo Municipal</subfield>
            <subfield code="c">Braga</subfield>
            <subfield code="g">P-BRam</subfield>
          </datafield>
          <datafield tag="622" ind1=" " ind2=" ">
            <subfield code="e">Arquivo Municipal, Praça do Município, 4700-435 Braga, Portugal</subfield>
            <subfield code="u"
              >http://www.cm-braga.pt/wps/portal/publico/!ut/p/c5/04_SB8K8xLLM9MSSzPy8xBz9CP0os_gAN0evQE8zH09TEzPnMBMTH18DKADKR2LKB3vC5fHr9vPIz03VL8iNKAcABsS5xA!!/dl3/d3/L3dDb0EvUU5RTGtBISEvWUZSdndBISEvNl9QRkFKUUk2TEk1NDZDVjQ0M1MxMDAwMDAwMA!!/</subfield>
          </datafield>
          <idzebra xmlns="http://www.indexdata.dk/zebra/">
            <size>525</size>
            <score>707</score>
            <localnumber>829284</localnumber>
            <filename>sigla/sigla.mrc</filename>
          </idzebra>
        </record>
      </zs:recordData>
      <zs:recordPosition>11</zs:recordPosition>
    </zs:record>