
    <zs:record>
      <zs:recordPacking>xml</zs:recordPacking>
      <zs:recordData>
        <record xmlns="http://www.loc.gov/MARC21/slim">
          <leader>00437nz a2200109 4500</leader>
          <controlfield tag="001">30077381</controlfield>
          <controlfield tag="003">RISM</controlfield>
          <controlfield tag="005">20121108</controlfield>
          <controlfield tag="008">121108n||az|||||||##########||||||||||||</controlfield>
          <datafield tag="043" ind1=" " ind2=" ">
            <subfield code="c">Portugal</subfield>
          </datafield>
          <datafield tag="110" ind1="2" ind2=" ">
            <subfield code="a">Arquivo Municipal</subfield>
            <subfield code="c">Valença</subfield>
            <subfield code="g">P-VAam</subfield>
          </datafield>
          <datafield tag="622" ind1=" " ind2=" ">
            <subfield code="e">Arquivo Municipal, Casa das Varandas, Rua da Trindade, 4930-745 Valença,
              Portugal</subfield>
            <subfield code="u"
              >http://www.cm-valenca.pt/portal/page/valenca/portal_municipal/orgaos_autarquicos/assembleia_municipal/Contactos_horarios</subfield>
          </datafield>
          <idzebra xmlns="http://www.indexdata.dk/zebra/">
            <size>437</size>
            <score>707</score>
            <localnumber>829296</localnumber>
            <filename>sigla/sigla.mrc</filename>
          </idzebra>
        </record>
      </zs:recordData>
      <zs:recordPosition>23</zs:recordPosition>
    </zs:record>