
    <zs:record>
      <zs:recordPacking>xml</zs:recordPacking>
      <zs:recordData>
        <record xmlns="http://www.loc.gov/MARC21/slim">
          <leader>00503nz a2200109 4500</leader>
          <controlfield tag="001">30006163</controlfield>
          <controlfield tag="003">RISM</controlfield>
          <controlfield tag="005">20121108</controlfield>
          <controlfield tag="008">121108n||az|||||||##########||||||||||||</controlfield>
          <datafield tag="043" ind1=" " ind2=" ">
            <subfield code="c">Portugal</subfield>
          </datafield>
          <datafield tag="110" ind1="2" ind2=" ">
            <subfield code="a">Universidade Nova, Faculdade de Ciências Sociais e Humanas, Serviços de Informação e
              Documentação, Biblioteca Geral</subfield>
            <subfield code="c">Lisboa</subfield>
            <subfield code="g">P-Lu</subfield>
          </datafield>
          <datafield tag="622" ind1=" " ind2=" ">
            <subfield code="e">Universidade Nova, Faculdade de Ciências, Sociais e Humanas, Serviços de, Informação e
              Documentação, Biblioteca, Geral, Avenida de Berna 24, 1050 Lisboa, Portugal</subfield>
          </datafield>
          <idzebra xmlns="http://www.indexdata.dk/zebra/">
            <size>503</size>
            <score>707</score>
            <localnumber>835441</localnumber>
            <filename>sigla/sigla.mrc</filename>
          </idzebra>
        </record>
      </zs:recordData>
      <zs:recordPosition>104</zs:recordPosition>
    </zs:record>