
    <zs:record>
      <zs:recordPacking>xml</zs:recordPacking>
      <zs:recordData>
        <record xmlns="http://www.loc.gov/MARC21/slim">
          <leader>00432nz a2200109 4500</leader>
          <controlfield tag="001">30003566</controlfield>
          <controlfield tag="003">RISM</controlfield>
          <controlfield tag="005">20121108</controlfield>
          <controlfield tag="008">121108n||az|||||||##########||||||||||||</controlfield>
          <datafield tag="043" ind1=" " ind2=" ">
            <subfield code="c">Portugal</subfield>
          </datafield>
          <datafield tag="110" ind1="2" ind2=" ">
            <subfield code="a">Biblioteca Pública Municipal Pedro Fernandes Tomás</subfield>
            <subfield code="c">Figueira da Foz</subfield>
            <subfield code="g">P-F</subfield>
          </datafield>
          <datafield tag="622" ind1=" " ind2=" ">
            <subfield code="e">Biblioteca Pública Municipal Pedro, Fernandes Tomás, Rua Calouste Gulbenkian, 3080-084
              Figueira da Foz, Portugal</subfield>
            <subfield code="u">http://www.figueiradigital.com/?zona=60&amp;mid=2</subfield>
          </datafield>
          <idzebra xmlns="http://www.indexdata.dk/zebra/">
            <size>432</size>
            <score>707</score>
            <localnumber>835998</localnumber>
            <filename>sigla/sigla.mrc</filename>
          </idzebra>
        </record>
      </zs:recordData>
      <zs:recordPosition>115</zs:recordPosition>
    </zs:record>